
@article{nonaka,
	Author = {NONAKA, Ikujiro e TAKEUCHI, Hirotaka.},
	Title = { Criaç\~ao do Conhecimento na Empresa: como as empresas geram a din\^amica da inovaç\~ao},
	Year = {1997},
	note = {Rio de Janeiro, Campus},
}

@article{davenport,
	Author = {DAVENPORT, T. H. },
	Title = {Pense fora do quadrado.},
	Year = {2005},
	note ={Rio de Janeiro, Campus},
}

@online{nadai, 
	Author = {NADAI, F. C.},
	Title = {Uma an\'alise cr\'itica do termo organizaç\~oes intensivas em conhecimento.},
	Year = {2006},
	url = {revista.feb.unesp.br/index.php/gepros/article/viewFile/124/86},
	note = {Acessado em: 15/11/2014},
}

@online{fleury,
	Author = {OLIVEIRA, V. P.; ARAÚJO; RODRIGUES, M. V.},
	Title = {Gest\~ao do Conhecimento. IV Congresso de Excel\^encia em Gest\~ao.},
	Year = {2008},
	url = {http://www.excelenciaemgestao.org/Portals/2/documents/cneg4/anais/T7_0105_0086.pdf},
	note = {Acessado em 27-11-2014}
}


@online{rua,
	Author = {Rua, Maria das Graças},
	Title = {Desmistificando o problema: uma r\'apida introduç\~ao ao estudo dos indicadores },
	Year = {2004},
	url = {http://www.enap.gov.br/downloads/ec43ea4fUFAM-MariadasGraEstudoIndicadores-novo.pdf},
	note = {Acessado em 24-11-2014}
}

@online{3drobotics2014,
	Author = {3D Robotics},
	Title = {3DR Pixhawk},
	Year = {2014},
	url= {http://store.3drobotics.com/products/3dr-pixhawk},
	note = {Acessado em 06-10-2014}
}

@online{amazon2014,
	Author = {Amazon},
	Year = {2014},
	url = {http://s3.amazonaws.com/3dr.production/908/zoom/Intro.jpg?1393193808},
	note = {Acessado em 06-10-2014},
}

@article{angeloni,
	Author = {ANGELONI, Maria Terezinha},
	Title = {Organizaç\~oes do conhecimento: infra-estrutura, pessoas e tecnologia.},
	Year = {2003},
}

@article{arducopter2014,
	Author = {APMCopter},
	Title = {ArduCopter - more than your average quadcopter},
	url = {http://www.arducopter.co.uk/},
	note = {Acessado em 06-10-2014},
}

@article{anatel2014,
	Author = {Anatel},
	Title = {Faixas de Frequência},
	url = {http://sistemas.anatel.gov.br/pdff/Consulta/Consulta.asp?SISQSmodulo=1068},
	note = {Acessado em 06-10-2014},
}

@article{futaba2014,
	Author = {Futaba},
	Title = {2.4GHz FASSTest Technology},
	url = {http://www.futaba-rc.com/technology/fasstest.html},
	note = {Acessado em 06-10-2014},
}

@online{dataLM7805,
	Author = {Fairchild},
	Title = {Datasheet MC78XX/LM78XX/MC78XXA 3-Terminal 1A Positive Voltage Regulator},
	Year = {2007},
	url = {http://www.alldatasheet.com/datasheet-pdf/pdf/82833/FAIRCHILD/LM7805.html},
	note = {Acessado em 06-10-2014},
}

@online{dataLD111,
	Author = {STMicroelectronics},
	Title = {LD1117 series},
	Year = {2011},
	url = {http://www.alldatasheet.com/datasheet-pdf/pdf/94430/STMICROELECTRONICS/LD1117V33.html},
	note = {Acessado em 06-10-2014},
}

@online{dataLM7812,
	Author = {ETC},
	Title = {LM7812},
	Year = {2012},
	url = {http://www.alldatasheet.com/datasheet-pdf/pdf/85508/etc/lm7812.html},
	note = {Acessado em 06-10-2014},
}

@online{data1N5224,
	Author = {Daya Electric Group},
	Title = {SILICON PLANAR ZENER DIODES},
	Year = {2010},
	url = {http://www.alldatasheet.com/datasheet-pdf/pdf/311556/DAYA/1N5224.html },
	note = {Acessado em 06-10-2014},
}

@online{correiobsb2014,
	Author = {Correio Braziliense},
	Title = {No dia da abertura do Mundial, sequestros e assaltos assustam o DF},
	Year = {2014},
	url = {http://www.correiobraziliense.com.br/app/noticia/cidades/2014/06/12/interna_cidadesdf,432203/no-dia-da-abertura-do-mundial-sequestros-e-assaltos-assustam-o-df.shtml},
	note = {Acessado em 06-10-2014},
}

@online{gazeta2014,
	Author = {Gazeta News},
	Title = {Marcha do MST termina com 30 PMs e 2 manifestantes feridos no DF},
	Year = {2013},
	url = {http://www.agazetanews.com.br/noticia/nacional/80148/marcha-do-mst-termina-com-30-pms-e-2-manifestantes-feridos-no-df},
	note = {Acessado em 06-10-2014},
}

@online{agenciaBrasil2014,
	Author = {EBC Agencia Brasil},
	Title = {Confronto entre PM e manifestantes em Bras\'ilia termina com três presos},
	Year = {2014},
	url = {http://agenciabrasil.ebc.com.br/geral/noticia/2014-05/confronto-entre-pm-e-manifestantes-em-brasilia-termina-com-tres-presos},
	note = {Acessado em 06-10-2014},
}

@online{portalPolicial2014,
	Author = {Piloto Policial},
	Title = {Helic\'opteros dos Bombeiros do DF para Copa est\~ao sem seguro total},
	url = {http://www.pilotopolicial.com.br/helicopteros-dos-bombeiros-df-para-copa-estao-sem-seguro-total/},
	note = {Acessado em 06-10-2014},
}

@online{aero2013,
	Author = {Aero Magazine UOL},
	Title = {Preços em pauta},
	Year = {2013},
	url = {http://aeromagazine.uol.com.br/artigo/precos-em-pauta_810.html},
	note = {Acessado em 06-10-2014},
}

@online{airbus2014,
	Author = {Air Bus Helicopter},
	Title = {NEW – EC135 T3/P3},
	Year = {2012},
	url = {http://www.airbushelicopters.ca/product/ec135-t3-p3/},
	note = {Acessado em 06-10-2014},
}

@article{kanban2001,
	Author = {Nilesh R Arora},
	Title = {Kanban Guide: Demand Scheduling for Lean Manufacturing},
	Year = {2001},
}

@article{scrum2013,
	Author = {Jeff Sutherland and Ken Schwaber},
	Title = {The Scrum Guide},
	Year = {2013},
}

@online{acelerometro2013,
	Author = {OMEGA Engineering inc.},
	Title = {O que s\~ao aceler\^ometros?},
	Year = {2013},
	url = {http://br.omega.com/prodinfo/acelerometros.html},
	note = {Acessado em 06-10-2014}
}

@online{giroscopio2013,
	Author = {Enciclop\'edia Escolar Britannica},
	Title = {Girosc\'opio},
	Year = {2014},
	url = {http://escola.britannica.com.br/article/481438/giroscopio},
	note = {Acessado em 06-10-2014}
}

@online{magnetometro2012,
	Author = {Manutenç\~ao e Suprimentos},
	Title = {Para que serve um magnet\^ometro},
	Year = {2012},
	url = {http://www.manutencaoesuprimentos.com.br/conteudo/5974-para-que-serve-um-magnetometro/},
	note = {Acessado em 06-10-2014}
}

@online{collucci2014,
	Author = {A. Collucci},
	Title = {O m\'inimo que se deve saber sobre baterias LiPo},
	Year = {2014},
	url = {http://amcollucci.com.br/2013/08/10/o-minimo-que-se-deve-saber-sobre-baterias-lipo},
	note = {Acessado em 17-10-2014}
}

@online{techmundo2014,
	Author = {Tecmundo},
	Title = {Li-Ion e Li-Po: diferenças entre as baterias usadas no iPhone e no Galaxy.},
	url = {http://www.tecmundo.com.br/bateria/37981-li-ion-e-li-po-diferencas-entre-as-baterias-usadas-no-iphone-e-no-galaxy.htm},
	Year = {2014},
	note = {Acessado em 17-10-2014},
}

@online{airsoft2014,
	Author = {QG Airsoft},
	Title = {Baterias de lithium pol\'imero informações de segurança},
	Year = {1999},
	url = {http://www.qgairsoft.com.br/blog/seguranca-baterias-lipo-airsoft},
	note = {Acessado em 17-10-2014},
}

@online{thomaz2014,
	Author = {M. Thomaz},
	Title = {Um pouco sobre baterias},
	Year = {2014},
	url = {http://www.hobbys.com.br/16umpoucobaterias.htm},
	note = {Acessado em 17-10-2014},
}

@online{linard1999,
	Author = {M. Linardi and H.Wendt and M. Götz},
	Title = {Tecnologia de c\'elulas a combust\'ivel},
	Year = {1999},
	url = {Instituto de Pesquisas Energ\'eticas e Nucleares IPEN/CNEN-SP - S\~ao Paulo – SP},
	note = {Acessado em 17-10-2014},
}

@article{bochhi2000,
	Author = {N. Bocchi and L. C. Ferracin and S. R. Biagiio},
	Title = {Pilhas e baterias: funcionamento e impacto ambiental},
	Year = {2000},
}

@online{rodrigues,
	Title = {Fundamentos da Engenharia Aeron\'autica - Aplicações ao Projeto SAE-AeroDesign},
	Author = {Prof. MSc. L. E. M. J. Rodrigues},
	Year = {2014},
	url = {http://www.engbrasil.eng.br/index_arquivos/cap1.pdf},
	note = {Acessado em 17-10-2014},
}

@article{widmaier2005,
	Author = {K. Widmaier},
	Title = {Algoritmo gen\'etico aplicado a otimizaç\~ao de asas de material comp\'osito de ve\'iculos a\'ereos n\~ao tripulados},
	Year = {2005},
}

@online{pilotoPolicial2014,
	Author = {Piloto Policial},
	Title = {Helic\'opteros dos Bombeiros do DF para Copa est\~ao sem seguro total},
	Year = {2014},
	url = {http://www.pilotopolicial.com.br/helicopteros-dos-bombeiros-df-para-copa-estao-sem-seguro-total/},
	note = {Acessado em 17-10-2014},
}

@online{hibrido2005,
	Author = {CMS},
	Title = {Selecting A Development Approach},
	Year = {2005},
	url = {http://www.cms.gov/Research-Statistics-Data-and-Systems/CMS-Information-Technology/XLC/Downloads/SelectingDevelopmentApproach.pdf},
	note = {Acessado em 17-10-2014},
}

@online{frotas2013,
	Author = {UOL Carros},
	Title = {Frotas policiais do Brasil usam elétrico Leaf e até luxuoso Edge},
	Year = {2013},
	url = {http://carros.uol.com.br/noticias/redacao/2013/08/21/frotas-policiais-do-brasil-usam-eletrico-leaf-e-ate-luxuoso-edge.htm},
	note = {Acessado em 17-10-2014},
}

@online{revescap2014,
	Author = {REVESCAP},
	Title = {Transformação de Vans e Furgões, Revestimento e Outras Soluções},
	Year = {2014},
	url = {http://www.revescap.com.br/veiculos-especiais.html},
	note = {Acessado em 17-10-2014},
}

@online{foodtruckrace2014,
	Author = {Food Network},
	Title = {The Great Food Truck Race},
	Year = {2014},
	url = {http://www.foodnetwork.com/shows/the-great-food-truck-race.html},
	note = {Acessado em 17-10-2014},
}

@article{diretivas2012,
	Author = {Mercedes-Benz},
	Title = {Diretivas para carrocerias furgões da América Latina},
	Year = {2012},
}

@online{thunderpower2014,
	Author = {Thunder Power RC},
	Title = {Thunder Power RC},
	Year = {2014},
	url = {http://www.thunderpowerrc.com/},
	note = {Acessado em 17-10-2014},
}

@article{riobotz2006,
	Author = {Marco Antonio Meggiolaro},
	Title = {Tutorial em Robôs de Combate},
	Year = {2006},
}

@online{highpower2014,
	Author = {Helipal},
	Title = {Tarot 4006 High Power Brushless Motor (620kv)},
	Year = {2014},
	url = {http://www.helipal.com/tl68p02-4006-620kv-brushless-motor.html},
	note = {Acessado em 17-10-2014},
}

@article{nocoes2005,
	Author = {Jacuzzi do Brasil},
	Title = {Noções de Hidráulica e Mecânica dos Flúidos},
	Year = {2005},
}

@article{berkley1973,
	Author = {Kittel and Charles and Knight and Walter D. and Ruderman and Malvin A.},
	Title = {Curso de Física de Berkley},
	Year = {1973},
}

@article{circuitostf2008,
	Author = {Oliveira, Newton B.},
	Title = {Circuitos Elétricos no Domínio do Tempo e da Frequência},
	Year = {2008},
}

@online{tratores2005,
	Author = {T. C. C. Ripoli, M. Milan},
	Title = {Mecânica e Máquinas Motoras},
	Year = {2005},
	url = {http://www.ler.esalq.usp.br/disciplinas/Ripoli/LER%20332/09%20-%20TRANSMISS%C3O%20%20PARTE%201.pdf},
	note = {Acessado em 17-10-2014},
}

@online{vantregras2013,
	Author = {Tahiane Stochero},
	Title = {Polêmicos e revolucionários, mais de 200 'drones' voam no país sem regra},
	Year = {2013},
	url = {http://g1.globo.com/brasil/noticia/2013/03/polemicos-e-revolucionarios-mais-de-200-drones-voam-no-brasil-sem-regra.html},
	note = {Acessado em 17-10-2014},
}

@online{fibracarbono2014,
	Author = {BNDES},
	Title = {Potencial de diversificação da indústria química brasileira},
	Year = {2013},
	url = {http://www.bndes.gov.br/SiteBNDES/export/sites/default/bndes_pt/Galerias/Arquivos/produtos/download/chamada_publica_FEPprospec0311_Quimicos_Relat4_carbono.pdf},
	note = {Acessado em 17-10-2014},
}

@article{aeromodelismo2011,
	Author = {Alexandre Magalhães},
	Title = {Aeromodelismo Elétrico Básico},
	Year = {2011},
}

@article{propulsao2011,
	Author = {Leonam Silva and Cedric Cordeiro},
	Title = {Quadricóptero, Aspectos Gerais e Análises da Propulsão Elétrica},
	Year = {2011},
}

@online{reforco2011,
	Author = {Tecnologia de Materiais},
	Title = {Reforço Estrutural com Fibra de Carbono},
	Year = {2011},
	url = {http://www.tecnologiademateriais.com.br/mt/2011/cobertura_paineis/construcao/apresentacoes/escale.pdf},
	note = {Acessado em 17-10-2014},
}

@article{resistmat2010,
	Author = {Hibbeler, R. C.},
	Title = {Resistência Dos Materiais},
	Year = {2010},
}

@article{halliday1976,
	Author = {David Halliday and Robert Resnick},
	Title = {Física I},
	Year = {1976},
}

@online{brushless2014,
	Author = {NMBTC},
	Title = {BLDC Motor - Brushless DC Motor Introduction},
	Year = {2014},
	url = {http://www.nmbtc.com/brushless-dc-motors/engineering/brushless_dc_motors_engineering/},
	note = {Acessado em 17-10-2014},
}

@online{algoritimo2013,
	Author = {Felipe Mathias Schmidt and Claudio Rosito Jung},
	Title = {Detecção de Eventos em Multidão},
	Year = {2013},
	url = {http://www.lume.ufrgs.br/bitstream/handle/10183/91864/Poster_30222.pdf?sequence=2},
	note = {Acessado em 17-10-2014},
}

@article{gomez2010,
	Author = {Thiago Coelho Gomez},
	Title = {GERENCIAMENTO DE RISCOS UTILIZANDO O PMBOK},
	Year = {2010},
	note = {Faculdade Louren\'co Filho Ci\^encia Da Computa\'c\~ao},
}

